@book{akkermans2007mesoscopic,
  title={Mesoscopic physics of electrons and photons},
  author={Akkermans, Eric and Montambaux, Gilles},
  year={2007},
  publisher={Cambridge university press},
  chapter=12
}

@inproceedings{alterman2022direct,
  title={Direct acquisition of volumetric scattering phase function using speckle correlations},
  author={Alterman, Marina and Saiko, Evgeniia and Levin, Anat},
  booktitle={SIGGRAPH Asia 2022 Conference Papers},
  pages={1--9},
  year={2022}
}

@article{bal2009inverse,
  title={Inverse transport theory and applications},
  author={Bal, Guillaume},
  journal={Inverse Problems},
  volume={25},
  number={5},
  pages={053001},
  year={2009},
  publisher={IOP Publishing}
}

@article{bar2019monte,
  title={A Monte Carlo framework for rendering speckle statistics in scattering media},
  author={Bar, Chen and Alterman, Marina and Gkioulekas, Ioannis and Levin, Anat},
  journal={ACM Transactions on Graphics (TOG)},
  volume={38},
  number={4},
  pages={1--22},
  year={2019},
  publisher={ACM New York, NY, USA}
}

@inproceedings{bar2021single,
  title={Single scattering modeling of speckle correlation},
  author={Bar, Chen and Alterman, Marina and Gkioulekas, Loannis and Levin, Anat},
  booktitle={2021 IEEE International Conference on Computational Photography (ICCP)},
  pages={1--16},
  year={2021},
  organization={IEEE}
}

@book{berne2000dynamic,
  title={Dynamic light scattering: with applications to chemistry, biology, and physics},
  author={Berne, Bruce J and Pecora, Robert},
  year={2000},
  publisher={Courier Corporation}
}

@article{boas2001imaging,
  title={Imaging the body with diffuse optical tomography},
  author={Boas, David A and Brooks, Dana H and Miller, Eric L and DiMarzio, Charles A and Kilmer, Misha and Gaudette, Richard J and Zhang, Quan},
  journal={IEEE signal processing magazine},
  volume={18},
  number={6},
  pages={57--75},
  year={2001},
  publisher={IEEE}
}

@book{bohren2008absorption,
  title={Absorption and scattering of light by small particles},
  author={Bohren, Craig F and Huffman, Donald R},
  year={2008},
  publisher={John Wiley \& Sons}
}

@book{born2013principles,
  title={Principles of optics: electromagnetic theory of propagation, interference and diffraction of light},
  author={Born, Max and Wolf, Emil},
  year={2013},
  publisher={Elsevier}
}

@inproceedings{che2020towards,
  title={Towards learning-based inverse subsurface scattering},
  author={Che, Chengqian and Luan, Fujun and Zhao, Shuang and Bala, Kavita and Gkioulekas, Ioannis},
  booktitle={2020 IEEE International Conference on Computational Photography (ICCP)},
  pages={1--12},
  year={2020},
  organization={IEEE}
}

@article{cheong1990review,
  title={A review of the optical properties of biological tissues},
  author={Cheong, Wai-Fung and Prahl, Scott A and Welch, Ashley J},
  journal={IEEE journal of quantum electronics},
  volume={26},
  number={12},
  pages={2166--2185},
  year={1990},
  publisher={IEEE}
}

@article{durduran2010diffuse,
  title={Diffuse optics for tissue monitoring and tomography},
  author={Durduran, Turgut and Choe, Regine and Baker, Wesley B and Yodh, Arjun G},
  journal={Reports on progress in physics},
  volume={73},
  number={7},
  pages={076701},
  year={2010},
  publisher={IOP Publishing}
}

@book{dutre2018advanced,
  title={Advanced global illumination},
  author={Dutre, Philip and Bekaert, Philippe and Bala, Kavita},
  year={2018},
  publisher={AK Peters/CRC Press}
}

@article{farrell1992diffusion,
  title={A diffusion theory model of spatially resolved, steady-state diffuse reflectance for the noninvasive determination of tissue optical properties in vivo},
  author={Farrell, Thomas J and Patterson, Michael S and Wilson, Brian},
  journal={Medical physics},
  volume={19},
  number={4},
  pages={879--888},
  year={1992},
  publisher={Wiley Online Library}
}

@incollection{frisvad2007computing,
  title={Computing the scattering properties of participating media using Lorenz-Mie theory},
  author={Frisvad, Jeppe Revall and Christensen, Niels J{\o}rgen and Jensen, Henrik Wann},
  booktitle={ACM SIGGRAPH 2007 papers},
  pages={60--es},
  year={2007}
}

@article{fuchs2007density,
  title={Density estimation for dynamic volumes},
  author={Fuchs, Christian and Chen, Tongbo and Goesele, Michael and Theisel, Holger and Seidel, Hans-Peter},
  journal={Computers \& Graphics},
  volume={31},
  number={2},
  pages={205--211},
  year={2007},
  publisher={Elsevier}
}

@article{gkioulekas2013inverse,
  title={Inverse volume rendering with material dictionaries},
  author={Gkioulekas, Ioannis and Zhao, Shuang and Bala, Kavita and Zickler, Todd and Levin, Anat},
  journal={ACM Transactions on Graphics (TOG)},
  volume={32},
  number={6},
  pages={1--13},
  year={2013},
  publisher={ACM New York, NY, USA}
}

@inproceedings{gkioulekas2016evaluation,
  title={An evaluation of computational imaging techniques for heterogeneous inverse scattering},
  author={Gkioulekas, Ioannis and Levin, Anat and Zickler, Todd},
  booktitle={Computer Vision--ECCV 2016: 14th European Conference, Amsterdam, The Netherlands, October 11-14, 2016, Proceedings, Part III 14},
  pages={685--701},
  year={2016},
  organization={Springer}
}

@article{hawkins2005acquisition,
  title={Acquisition of time-varying participating media},
  author={Hawkins, Tim and Einarsson, Per and Debevec, Paul},
  journal={ACM Transactions on Graphics (ToG)},
  volume={24},
  number={3},
  pages={812--815},
  year={2005},
  publisher={ACM New York, NY, USA}
}

@article{henyey1940diffuse,
  title={Diffuse radiation in the galaxy},
  author={Henyey, Louis George and Greenstein, Jesse L},
  journal={Annales d'Astrophysique, Vol. 3, p. 117},
  volume={3},
  pages={117},
  year={1940}
}

@book{hulst1981light,
  title={Light scattering by small particles},
  author={Hulst, Hendrik Christoffel and van de Hulst, Hendrik C},
  year={1981},
  publisher={Courier Corporation}
}

@article{katz2014non,
  title={Non-invasive single-shot imaging through scattering layers and around corners via speckle correlations},
  author={Katz, Ori and Heidmann, Pierre and Fink, Mathias and Gigan, Sylvain},
  journal={Nature photonics},
  volume={8},
  number={10},
  pages={784--790},
  year={2014},
  publisher={Nature Publishing Group}
}

@article{khungurn2015matching,
  title={Matching Real Fabrics with Micro-Appearance Models.},
  author={Khungurn, Pramook and Schroeder, Daniel and Zhao, Shuang and Bala, Kavita and Marschner, Steve},
  journal={ACM Trans. Graph.},
  volume={35},
  number={1},
  pages={1--1},
  year={2015}
}

@inproceedings{loper2014opendr,
  title={OpenDR: An approximate differentiable renderer},
  author={Loper, Matthew M and Black, Michael J},
  booktitle={Computer Vision--ECCV 2014: 13th European Conference, Zurich, Switzerland, September 6-12, 2014, Proceedings, Part VII 13},
  pages={154--169},
  year={2014},
  organization={Springer}
}

@article{luyben1986simple,
  title={Simple method for tuning SISO controllers in multivariable systems},
  author={Luyben, William L},
  journal={Industrial \& Engineering Chemistry Process Design and Development},
  volume={25},
  number={3},
  pages={654--660},
  year={1986},
  publisher={ACS Publications}
}

@inproceedings{munoz2011bssrdf,
  title={BSSRDF estimation from single images},
  author={Munoz, Adolfo and Echevarria, Jose I and Seron, Francisco J and Lopez-Moreno, Jorge and Glencross, Mashhuda and Gutierrez, Diego},
  booktitle={Computer Graphics Forum},
  volume={30},
  number={2},
  pages={455--464},
  year={2011},
  organization={Wiley Online Library}
}

@incollection{narasimhan2006acquiring,
  title={Acquiring scattering properties of participating media by dilution},
  author={Narasimhan, Srinivasa G and Gupta, Mohit and Donner, Craig and Ramamoorthi, Ravi and Nayar, Shree K and Jensen, Henrik Wann},
  booktitle={ACM SIGGRAPH 2006 Papers},
  pages={1003--1012},
  year={2006}
}

@incollection{newton2002three,
  title={Three-dimensional direct scattering theory},
  author={Newton, Roger G},
  booktitle={Scattering},
  pages={686--701},
  year={2002},
  publisher={Elsevier}
}

@article{nimier2019mitsuba,
  title={Mitsuba 2: A retargetable forward and inverse renderer},
  author={Nimier-David, Merlin and Vicini, Delio and Zeltner, Tizian and Jakob, Wenzel},
  journal={ACM Transactions on Graphics (ToG)},
  volume={38},
  number={6},
  pages={1--17},
  year={2019},
  publisher={ACM New York, NY, USA}
}

@article{nimier2020radiative,
  title={Radiative backpropagation: An adjoint method for lightning-fast differentiable rendering},
  author={Nimier-David, Merlin and Speierer, S{\'e}bastien and Ruiz, Beno{\^\i}t and Jakob, Wenzel},
  journal={ACM Transactions on Graphics (TOG)},
  volume={39},
  number={4},
  pages={146--1},
  year={2020},
  publisher={ACM New York, NY, USA}
}

@inproceedings{novak2018monte,
  title={Monte Carlo methods for volumetric light transport simulation},
  author={Nov{\'a}k, Jan and Georgiev, Iliyan and Hanika, Johannes and Jarosz, Wojciech},
  booktitle={Computer graphics forum},
  volume={37},
  number={2},
  pages={551--576},
  year={2018},
  organization={Wiley Online Library}
}

@article{papas2013fabricating,
  title={Fabricating translucent materials using continuous pigment mixtures},
  author={Papas, Marios and Regg, Christian and Jarosz, Wojciech and Bickel, Bernd and Jackson, Philip and Matusik, Wojciech and Marschner, Steve and Gross, Markus},
  journal={ACM Transactions on Graphics (TOG)},
  volume={32},
  number={4},
  pages={1--12},
  year={2013},
  publisher={ACM New York, NY, USA}
}

@article{pine1990diffusing,
  title={Diffusing-wave spectroscopy: dynamic light scattering in the multiple scattering limit},
  author={Pine, Dave J and Weitz, Dave A and Zhu, JX and Herbolzheimer, Eric},
  journal={Journal de Physique},
  volume={51},
  number={18},
  pages={2101--2127},
  year={1990},
  publisher={Soci{\'e}t{\'e} Fran{\c{c}}aise de Physique}
}

@inproceedings{sde20213deepct,
  title={3DeepCT: Learning volumetric scattering tomography of clouds},
  author={Sde-Chen, Yael and Schechner, Yoav Y and Holodovsky, Vadim and Eytan, Eshkol},
  booktitle={Proceedings of the IEEE/CVF International Conference on Computer Vision},
  pages={5671--5682},
  year={2021}
}

@article{sumin2019geometry,
  title={Geometry-aware scattering compensation for 3D printing},
  author={Sumin, Denis and Rittig, Tobias and Babaei, Vahid and Nindel, Thomas and Wilkie, Alexander and Didyk, Piotr and Bickel, Bernd and K{\c{R}}iv{\'a}nek, J and Myszkowski, Karol and Weyrich, Tim},
  journal={ACM Transactions on Graphics},
  volume={38},
  number={4},
  year={2019},
  publisher={ACM}
}

@article{thierry2015mu,
  title={$\mu$-diff: An open-source Matlab toolbox for computing multiple scattering problems by disks},
  author={Thierry, Bertrand and Antoine, Xavier and Chniti, Chokri and Alzubaidi, Hasan},
  journal={Computer Physics Communications},
  volume={192},
  pages={348--362},
  year={2015},
  publisher={Elsevier}
}

@article{treeby2010k,
  title={k-Wave: MATLAB toolbox for the simulation and reconstruction of photoacoustic wave fields},
  author={Treeby, Bradley E and Cox, Benjamin T},
  journal={Journal of biomedical optics},
  volume={15},
  number={2},
  pages={021314--021314},
  year={2010},
  publisher={Society of Photo-Optical Instrumentation Engineers}
}

@inproceedings{twersky1964propagation,
  title={On propagation in random media of discrete scatterers},
  author={Twersky, Victor},
  booktitle={Proc. Symp. Appl. Math},
  volume={16},
  pages={84--116},
  year={1964}
}

@incollection{wann2023practical,
  title={A practical model for subsurface light transport},
  author={Wann Jensen, Henrik and Marschner, Stephen R and Levoy, Marc and Hanrahan, Pat},
  booktitle={Seminal Graphics Papers: Pushing the Boundaries, Volume 2},
  pages={319--326},
  year={2023}
}

@inproceedings{wu2017neural,
  title={Neural scene de-rendering},
  author={Wu, Jiajun and Tenenbaum, Joshua B and Kohli, Pushmeet},
  booktitle={Proceedings of the IEEE Conference on Computer Vision and Pattern Recognition},
  pages={699--707},
  year={2017}
}

@article{wyman1989similarity,
  title={Similarity relations for the interaction parameters in radiation transport},
  author={Wyman, Douglas R and Patterson, Michael S and Wilson, Brian C},
  journal={Applied optics},
  volume={28},
  number={24},
  pages={5243--5249},
  year={1989},
  publisher={Optica Publishing Group}
}

@article{yee1966numerical,
  title={Numerical solution of initial boundary value problems involving Maxwell's equations in isotropic media},
  author={Yee, Kane},
  journal={IEEE Transactions on antennas and propagation},
  volume={14},
  number={3},
  pages={302--307},
  year={1966},
  publisher={IEEE}
}

@article{zhao2014high,
  title={High-order similarity relations in radiative transfer},
  author={Zhao, Shuang and Ramamoorthi, Ravi and Bala, Kavita},
  journal={ACM Transactions on Graphics (TOG)},
  volume={33},
  number={4},
  pages={1--12},
  year={2014},
  publisher={ACM New York, NY, USA}
}

@article{zheng2021neural,
  title={Neural relightable participating media rendering},
  author={Zheng, Quan and Singh, Gurprit and Seidel, Hans-Peter},
  journal={Advances in Neural Information Processing Systems},
  volume={34},
  pages={15203--15215},
  year={2021}
}

@article{ziegler1942optimum,
  title={Optimum settings for automatic controllers},
  author={Ziegler, John G and Nichols, Nathaniel B},
  journal={Transactions of the American society of mechanical engineers},
  volume={64},
  number={8},
  pages={759--765},
  year={1942},
  publisher={American Society of Mechanical Engineers}
}